<?xml version="1.0" encoding="UTF-8"?><collection xmlns="http://www.loc.gov/MARC21/slim"><record><leader>00476nam--2200157-i-4500</leader><controlfield tag="001">000016162</controlfield><controlfield tag="002">20161230</controlfield><controlfield tag="005">20170115162911</controlfield><controlfield tag="008">060222s1000------------r-----000-0-eng-d</controlfield><datafield ind1=" " ind2=" " tag="080"><subfield code="a">543.422(043)</subfield></datafield><datafield ind1=" " ind2=" " tag="100"><subfield code="a">Bidegaray, M. Jean-Pierre</subfield></datafield><datafield ind1=" " ind2=" " tag="245"><subfield code="a">Structure et spectre d absorption electronique des imines derivees d aldehydes aromatiques or tho-hydroxyles</subfield><subfield code="b">these</subfield></datafield><datafield ind1=" " ind2=" " tag="260"><subfield code="a">Paris</subfield><subfield code="b">L Universite</subfield><subfield code="c">1972</subfield></datafield><datafield ind1=" " ind2=" " tag="300"><subfield code="a">139 p</subfield></datafield><datafield ind1=" " ind2=" " tag="852"><subfield code="a">77139</subfield></datafield><datafield ind1=" " ind2=" " tag="CAT"><subfield code="a">SYS</subfield><subfield code="c">20170115</subfield><subfield code="h">162911</subfield></datafield></record></collection>